<record><leader>00000cas a22000007a 4500</leader><controlfield tag="001">12935821</controlfield><controlfield tag="008">851219c19049999iauwr ne      0    0eng d</controlfield><datafield ind1=" " ind2=" " tag="010"><subfield code="a">sn 85050971 </subfield></datafield><datafield ind1=" " ind2=" " tag="040"><subfield code="a">INP</subfield><subfield code="b">eng</subfield><subfield code="c">INP</subfield><subfield code="d">OCLCQ</subfield></datafield><datafield ind1=" " ind2=" " tag="042"><subfield code="a">msc</subfield></datafield><datafield ind1="0" ind2=" " tag="130"><subfield code="a">Fontanelle observer (Fontanelle, Iowa : 1904)</subfield></datafield><datafield ind1="1" ind2="4" tag="245"><subfield code="a">The Fontanelle observer.</subfield></datafield><datafield ind1="3" ind2="0" tag="246"><subfield code="a">Observer</subfield></datafield><datafield ind1=" " ind2=" " tag="260"><subfield code="a">Fontanelle, Iowa :</subfield><subfield code="b">W.H. McClure,</subfield><subfield code="c">1904-</subfield></datafield><datafield ind1=" " ind2=" " tag="300"><subfield code="a">v. :</subfield><subfield code="b">ill. ;</subfield><subfield code="c">55 cm.</subfield></datafield><datafield ind1=" " ind2=" " tag="310"><subfield code="a">Weekly</subfield></datafield><datafield ind1="0" ind2=" " tag="362"><subfield code="a">Vol. 41, no. 14 (Apr. 14, 1904)-</subfield></datafield><datafield ind1=" " ind2=" " tag="500"><subfield code="a">Newspaper's centennial commemorated Dec. 5, 1963.</subfield></datafield><datafield ind1=" " ind2=" " tag="500"><subfield code="a">Publishers: W.H. McClure, Apr. 14, 1904-Aug. 12, 1915; W.H. McClure Sons, Aug. 19, 1915-Mar. 20, 1919; D.D. McClure, Mar. 27, 1919-&lt;Dec. 30, 1920&gt;.</subfield></datafield><datafield ind1=" " ind2=" " tag="500"><subfield code="a">Includes section: Bridgewater times, May 11, 1967-Jan. 1, 1970; Bridgewater news section, Apr. 27, 1972-Jan. 6, 1982.</subfield></datafield><datafield ind1=" " ind2=" " tag="525"><subfield code="a">Includes occasional supplements.</subfield></datafield><datafield ind1=" " ind2=" " tag="752"><subfield code="a">United States</subfield><subfield code="b">Iowa</subfield><subfield code="c">Adair</subfield><subfield code="d">Fontanelle.</subfield></datafield><datafield ind1=" " ind2=" " tag="752"><subfield code="a">United States</subfield><subfield code="b">Iowa</subfield><subfield code="c">Adair</subfield><subfield code="d">Bridgewater.</subfield></datafield><datafield ind1="0" ind2="0" tag="780"><subfield code="t">Observer (Fontanelle, Iowa)</subfield><subfield code="w">(DLC)sn 85050970</subfield></datafield><datafield ind1="1" ind2=" " tag="787"><subfield code="t">Bridgewater times</subfield></datafield><datafield ind1="1" ind2=" " tag="787"><subfield code="t">Bridgewater news section</subfield></datafield></record>